@inproceedings{angeli2014combining,
  title={Combining distant and partial supervision for relation extraction},
  author={Angeli, Gabor and Tibshirani, Julie and Wu, Jean and Manning, Christopher D},
  booktitle={Proceedings of the 2014 conference on empirical methods in natural language processing (EMNLP)},
  pages={1556--1567},
  year={2014}
}
@inproceedings{surdeanu2012multi,
  title={Multi-instance multi-label learning for relation extraction},
  author={Surdeanu, Mihai and Tibshirani, Julie and Nallapati, Ramesh and Manning, Christopher D},
  booktitle={Proceedings of the 2012 joint conference on empirical methods in natural language processing and computational natural language learning},
  pages={455--465},
  year={2012},
  organization={Association for Computational Linguistics}
}
@inproceedings{fu2013efficient,
  title={An efficient active learning framework for new relation types},
  author={Fu, Lisheng and Grishman, Ralph},
  booktitle={Proceedings of the Sixth International Joint Conference on Natural Language Processing},
  pages={692--698},
  year={2013}
}
@inproceedings{sun2012active,
  title={Active learning for relation type extension with local and global data views},
  author={Sun, Ang and Grishman, Ralph},
  booktitle={Proceedings of the 21st ACM international conference on Information and knowledge management},
  pages={1105--1112},
  year={2012},
  organization={ACM}
}
@inproceedings{berger2014visual,
  title={Visual Supervision in Bootstrapped Information Extraction},
  author={Berger, Matt and Nagesh, Ajay and Levine, Joshua and Surdeanu, Mihai and Zhang, Hao Helen},
  booktitle={To Be Published},
  year={2018}
}